@misc{tf,
  title = {TensorFlow},
  howpublished = {\url{https://www.tensorflow.org/}},
  note = {Accessed: 2017-08-24}
}

@misc{deepsw,
  title = {Deep Learning Software},
  howpublished = {\url{http://cs231n.stanford.edu/slides/2017/cs231n_2017_lecture8.pdf}},
  note = {Accessed: 2017-08-24}
}

@misc{dist_tf_intro,
  title = {Distributed Tensorflow},
  howpublished = {\url{https://clindatsci.com/blog/2017/5/31/distributed-tensorflow}},
  note = {Accessed: 2017-07-20}
}

@misc{top500,
  title = {Top 500 List},
  howpublished = {\url{https://www.top500.org/lists/2017/06/}},
}

@misc{green500,
  title = {The Green 500},
  howpublished = {\url{https://www.top500.org/green500/lists/2017/06/}},
}

@misc{p100,
  title = {NVIDIA TESLA P100},
  howpublished = {\url{http://www.nvidia.com/object/tesla-p100.html}},
  note = {Accessed: 2017-08-29}
}

@misc{ec2,
  title = {Elastic Compute Cloud},
  howpublished = {\url{https://aws.amazon.com/ec2/}},
  note = {Accessed: 2017-08-29}
}

@misc{ec2instances,
  title = {Amazon EC2 Instance Types},
  howpublished = {\url{https://aws.amazon.com/ec2/instance-types/}},
  note = {Accessed: 2017-08-29}
}

@misc{s3,
  title = {Amazon Simple Storage Service},
  howpublished = {\url{https://aws.amazon.com/s3/}},
  note = {Accessed: 2017-08-29}
}

@misc{cudnn,
  title = {NVIDIA cuDNN},
  howpublished = {\url{https://developer.nvidia.com/cudnn}},
  note = {Accessed: 2017-08-29}
}

@article{inception3,
  author    = {Christian Szegedy and
               Vincent Vanhoucke and
               Sergey Ioffe and
               Jonathon Shlens and
               Zbigniew Wojna},
  title     = {Rethinking the Inception Architecture for Computer Vision},
  journal   = {CoRR},
  volume    = {abs/1512.00567},
  year      = {2015},
  url       = {http://arxiv.org/abs/1512.00567},
  timestamp = {Wed, 07 Jun 2017 14:40:22 +0200},
  biburl    = {http://dblp.uni-trier.de/rec/bib/journals/corr/SzegedyVISW15},
  bibsource = {dblp computer science bibliography, http://dblp.org}
}

@misc{cnn_benchmarks,
  title = {TensorFlow benchmarks code},
  howpublished = {\url{https://github.com/tensorflow/benchmarks/tree/master/scripts/tf_cnn_benchmarks}},
  note = {Accessed: 2017-07-18}
}

@inproceedings{imagenet,
        AUTHOR = {Deng, J. and Dong, W. and Socher, R. and Li, L.-J. and Li, K. and Fei-Fei, L.},
        TITLE = {{ImageNet: A Large-Scale Hierarchical Image Database}},
        BOOKTITLE = {CVPR09},
        YEAR = {2009},
        BIBSOURCE = "http://www.image-net.org/papers/imagenet_cvpr09.bib"
}

@misc{google_benchmarks,
  title = {TensorFlow benchmarks results},
  howpublished = {\url{https://www.tensorflow.org/performance/benchmarks}},
  note = {Accessed: 2017-07-18}
}

@article{fair,
  author    = {Priya Goyal and
               Piotr Doll√°r and
               Ross Girshick and
               Pieter Noordhuis and
               Lukasz Wesolowski and
               Aapo Kyrola and
               Andrew Tulloch and
               Yangqing Jia and
               Kaiming He},
  title     = {Accurate, Large Minibatch SGD: Training ImageNet in 1 Hour},
  journal   = {ARXIV},
  year      = {2017},
  month		= {06},
  url       = {https://arxiv.org/abs/1706.02677},
}

@article{ibm,
  author    = {Minsik Cho and
               Ulrich Finkler and
               Sameer Kumar and
               David Kung and
               Vaibhav Saxena and
               Dheeraj Sreedhar},
  title     = {PowerAI DDL},
  journal   = {ARXIV},
  year      = {2017},
  month		= {08},
  url       = {https://arxiv.org/abs/1708.02188},
}